% Encoding: UTF-8

@Book{Robert2014,
	title     = {Linear Programming Foundations and Extensions},
	publisher = {Springer New York Heidelberg Dordrecht London},
	year      = {2014},
	author    = {Robert J. Vanderbei},
	address   = {Princeton, New Jersey, USA},
	edition   = {4nd},
	doi       = {10.1007/978-1-4614-7630-6},
}




